<?xml version="1.0" encoding="UTF-8"?><collection xmlns="http://www.loc.gov/MARC21/slim"><record><leader>00385nam--2200133-i-4500</leader><controlfield tag="001">000040315</controlfield><controlfield tag="002">20161230</controlfield><controlfield tag="005">20161230201042</controlfield><controlfield tag="008">060222s1000------------r-----000-0-eng-d</controlfield><datafield ind1=" " ind2=" " tag="080"><subfield code="a">62:574:61</subfield></datafield><datafield ind1=" " ind2=" " tag="100"><subfield code="a">Rutstein, David D.And Murray, Eden</subfield></datafield><datafield ind1=" " ind2=" " tag="245"><subfield code="a">Engineering and livind systems: interfaces and opportunities</subfield></datafield><datafield ind1=" " ind2=" " tag="260"><subfield code="a">Cambridge, Mass., The Mit Press, 1970, 320p</subfield></datafield><datafield ind1=" " ind2=" " tag="852"><subfield code="a">42568</subfield></datafield></record></collection>